@MISC{PAHO:2013,
  title = {PAHO Regional Health Observatory - PHIP - Epidemic diseases - Flu},
  howpublished={\url{http://ais.paho.org/phip/viz/ed_flu.asp}, Last Visited: 2013-09-17},
}

